@book{sketch,
	author 	= {soulwire},
	url 	= {https://github.com/soulwire/sketch.js},
	title 	= {Sketch Bibliothek}
}

@book{git,
	author 	= {Github},
	url 	= {https://github.com/},
	title 	= {Softwareverwaltung}
}

@book{notepad,
	author 	= {Don Ho},
	url 	= {https://notepad-plus-plus.org/},
	title 	= {Notepad++}
}

@book{chrome,
	author 	= {Google},
	url 	= {https://www.google.com/chrome/},
	title 	= {Google Chrome}
}

@book{gimp,
	author 	= {The GIMP Team},
	url 	= {https://www.gimp.org/},
	title 	= {Bildbearbeitungssoftware}
}

@book{changelog,
	author 	= {Gruppe4},
	url 	= {https://github.com/Slay3r/InfinityRun/commits/master},
	title 	= {Changelog}
}

@book{sounds,
	author 	= {Freesound},
	url 	= {https://www.freesound.org/},
	title 	= {Freesound.org}
}

@book{background,
	author 	= {dissimulate},
	url 	= {https://codepen.io/dissimulate/pen/CAzlt},
	title 	= {Skyline}
}

@book{freevar,
	author 	= {Free Web Hosting Area},
	url 	= {http://freevar.com/},
	title 	= {Free Hosting}
}